% This file was created with JabRef 2.7.2.
% Encoding: Cp1252

@MANUAL{SAS-STAT,
  title = {\proglang{SAS/STAT} Software, Version~9.3},
  author = {{\proglang{SAS} Institute Inc.}},
  address = {Cary, NC},
  year = {2011},
  url = {http://www.sas.com/}
}

@book{MATLAB,
year = {2010},
author = {MATLAB},
title = {Version 7.10.0 (R2010a)},
publisher = {The MathWorks Inc.},
address = {Natick, Massachusetts}
}

@ARTICLE{Lee1992,
  author = {Lee, R.D. and Carter, L.R.},
  title = {Modeling and Forecasting U.S. Mortality},
  journal = {Journal of the American Statistical Association},
  year = {1992},
  volume = {87},
  pages = {659-675},
  number = {419},
  doi = {10.2307/2290201}
}


@misc{rmetrics1,
  title = {{Actuarial Science with R} 2: life insurance and mortality tables},
  author={Arthur Charpentier},
  year={2012},
  howpublished = {\url{http://freakonometrics.blog.free.fr/index.php?post/2012/04/04/Life-insurance,-with-R,-Meielisalp}},
  note = {Accessed: 04/11/2012}
}

@book{SPSS,
author = {{IBM Corp}},
title= {SPSS, Release 21.0 Advanced Statistical Procedures Companion},
year = {2012},
address = {Armonk, NY},
publisher = {IBM Corp.}
}


@book{anderson1999commutation,
  title = {Commutation Functions},
  publisher = {Education and Examination Committee of the Society of Actuaries},
  year = {1999},
  author = {Anderson, J.F.}
}

@ARTICLE{Booth2006,
  author = {Booth, H. and Hyndman, R.J. and Tickle, L. and De Jong, P.},
  title = {Lee-Carter Mortality Forecasting: A Multi-Country Comparison of Variants
	and Extensions},
  journal = {Demographic Research},
  year = {2006},
  volume = {15},
  pages = {289-310},
  number = {9},
  doi = {10.4054/DemRes.2006.15.9}
}

@book{bowers1997actuarial,
    Author = {N. L. Bowers and D. A. Jones and H. U. Gerber and C. J. Nesbitt and J. C. Hickman},
    Publisher = {SOA},
    Title = {Actuarial Mathematics, 2nd Edition},
      isbn = {9780938959106},
  	lccn = {86061747},
 Year = {1997}}


@BOOK{broverman2008mathematics,
  title = {Mathematics of Investment and Credit},
  publisher = {ACTEX Publications},
  year = {2008},
  author = {Broverman, S.A.},
  series = {ACTEX Academic Series},
  isbn = {9781566986571},
  lccn = {2008041113}
}

@book{chambers2008software,
  title = {Software for Data Analysis: Programming with \proglang{R}},
  publisher = {Springer},
  year = {2008},
  author = {Chambers, J.M.},
  series = {Statistics and computing},
  isbn = {9780387759357},
  lccn = {2008922937}
}

@manual{mathFinAct,
  title = {Financial Mathematics: A Practical Guide for Actuaries and Other
	Business Professionals},
  author = {{Chris Ruckman} and {Joe Francis}},
  organization = {Warren Centre for Actuarial Studies and Research},
  edition = {Second Edition},
  month = {October},
  year = {2006}
}

@ARTICLE{Dutang2008,
  author = {{Christophe Dutang} and {Vincent Goulet} and {Mathieu Pigeon}},
  title = {\pkg{actuar}: An \proglang{R} Package for Actuarial Science},
  journal = {Journal of Statistical Software},
  year = {2008},
  volume = {25},
  pages = {38},
  number = {7},
  url = {http://www.jstatsoft.org/v25/i07}
}

@ARTICLE{termstrcR,
  author = {Robert Ferstl and Josef Hayden},
  title = {Zero-Coupon Yield Curve Estimation with the Package \pkg{termstrc}},
  journal = {Journal of Statistical Software},
  year = {2010},
  volume = {36},
  pages = {1--34},
  number = {1},
  url = {http://www.jstatsoft.org/v36/i01/}
}

@MANUAL{ChainLadder,
  title = {\pkg{ChainLadder}: Mack, Bootstrap, Munich and Multivariate-chain-ladder
	Methods},
  author = {Markus Gesmann and Yanwei Zhang},
  year = {2011},
  note = {R package version 0.1.4-3.4}
}

@PHDTHESIS{YieldCurveR,
  author = {S.S. Guirreri},
  title = {Simulating the Term Structure of Interest Rates with Arbitrary Marginals},
  school = {University of Palermo - Department of Statistics and Mathematics
	''S. Vianelli''},
  year = {2010},
  address = {Palermo},
  url = {http://www.guirreri.host22.com}
}

@BOOK{keyfitz2005applied,
  title = {Applied Mathematical Demography},
  publisher = {Springer},
  year = {2005},
  author = {Keyfitz, N. and Caswell, H.},
  series = {Statistics for biology and health},
  isbn = {9780387225371},
  lccn = {2004052525}
}

@BOOK{klugman2009loss,
  title = {Loss Models: From Data to Decisions},
  publisher = {Wiley New York},
  year = {2009},
  author = {Klugman, S.A. and Panjer, H.H. and Willmot, G.E. and Venter, G.G.},
  edition = {Third}
}

@BOOK{livi1986introduzione,
  title = {Introduzione alla Demografia},
  publisher = {Loescher editore},
  year = {1986},
  author = {Livi-Bacci, M.}
}

@BOOK{mazzoleni2000appunti,
  title = {Appunti di Matematica Attuariale},
  publisher = {EDUCatt Universit{\`a} Cattolica},
  year = {2000},
  author = {Mazzoleni, P.},
  isbn = {9788883110825}
}

@BOOK{mccallum2011parallel,
  title = {Parallel \proglang{R}},
  publisher = {O'Reilly Media},
  year = {2011},
  author = {McCallum, Q.E. and Weston, S.},
  isbn = {9781449309923}
}

@ARTICLE{ifrsInsurance,
  author = {Post, Thomas and Grandl, Helmut and Schmidl, Lisa and Dorfman, Mark
	S.},
  title = {Implications of IFRS for the European Insurance Industry Insights
	from Capital Market Theory},
  journal = {Risk Management and Insurance Review},
  year = {2007},
  volume = {10},
  pages = {247--265},
  number = {2},
  doi = {10.1111/j.1540-6296.2007.00117.x},
  issn = {1540-6296},
  publisher = {Blackwell Publishing Inc},
  url = {http://dx.doi.org/10.1111/j.1540-6296.2007.00117.x}
}

@MANUAL{rSoftware,
  title = {\proglang{R}: A Language and Environment for Statistical Computing},
  author = {{R Development Core Team}},
  organization = {R Foundation for Statistical Computing},
  address = {Vienna, Austria},
  year = {2012},
  note = {{ISBN} 3-900051-07-0},
  url = {http://www.R-project.org/}
}

@MANUAL{LifeTableR,
  title = {LifeTable: \pkg{LifeTable}, a Package with a Small Set of Useful
	Lifetable Functions.},
  author = {Tim Riffe},
  year = {2011},
  note = {R package version 1.0.1},
  url = {http://sites.google.com/site/timriffepersonal/r-code/lifeable}
}

@ARTICLE{gamlssPkg,
  author = {R. A. Rigby and D. M. Stasinopoulos},
  title = {Generalized Additive Models for Location, Scale and Shape},
  journal = {Applied Statistics},
  year = {2005},
  volume = {54},
  pages = {507-554},
  part = {3}
}

@MANUAL{demographyR,
  title = {\pkg{demography}: Forecasting Mortality, Fertility, Migration and
	Population Data},
  author = {{Rob J Hyndman} and {Heather Booth} and {Leonie Tickle} and {John
	Maindonald}},
  year = {2011},
  note = {R package version 1.09-1},
  url = {http://CRAN.R-project.org/package=demography}
}

@MANUAL{spedLifecon,
  title = {\pkg{lifecontingencies}: An R Package to Perform Life Contingencies
	Calculations},
  author = {Giorgio Alfredo Spedicato},
  year = {2012},
  note = {\proglang{R} package version 0.9.7},
  url = {http://CRAN.R-project.org/package=lifecontingencies}
}

@MANUAL{cplmPkg,
  title = {\pkg{cplm}: Monte Carlo EM Algorithms and Bayesian Methods for Fitting
	Tweedie Compound Poisson Linear Models},
  author = {Wayne Zhang},
  year = {2011},
  note = {\proglang{R} package version 0.2-1},
  url = {http://CRAN.R-project.org/package=cplm}
}

@book{dickson2009actuarial,
  title={Actuarial Mathematics for Life Contingent Risks},
  author={Dickson, D.C.M. and Hardy, M.R. and Waters, H.R.},
  isbn={9780521118255},
  lccn={2009504887},
  series={International Series on Actuarial Science},
  url={http://books.google.it/books?id=maci14\_9kAEC},
  year={2009},
  publisher={Cambridge University Press}
}

@Misc{finanMLC,
author={Finan, Marcel A.},
  title = {A Reading of the Theory of Life Contingency Models: A Preparation for Exam MLC},
  year={2012},
  howpublished = {\url{http://faculty.atu.edu/mfinan/actuarieshall/MLCbook2.pdf}},
  note = {Accessed: 01/11/2012}
}

@book{charpentierDutang,
author={Charpentier, Arthur and Dutang, Christophe},
title={Actuariat Avec R},
year={2013},
publisher={\url{http://cran.r-project.org/doc/contrib/Charpentier_Dutang_actuariat_avec_R.pdf}}
}


@Misc{wrightContingencies,
author={Wright, Douglas},
title={Expectation of life},
note={Accessed: 27/01/2013},
howpublished={\url{http://www.staff.city.ac.uk/b.d.rickayzen/wright%20contingencies%20notes.pdf}}
}