% This file was created with JabRef 2.6.
% Encoding: Cp1252

@BOOK{anderson1999commutation,
  title = {Commutation functions},
  publisher = {Education and Examination Committee of the Society of Actuaries},
  year = {1999},
  author = {Anderson, J.F. and Society of Actuaries. Education and Examination
	Committee}
}

@ARTICLE{bowers1997actuarial,
  author = {Bowers, N.L. and Gerber, H.U. and Hickman, J.C. and Jones, D.A. and
	Nesbitt, C.J.},
  title = {Actuarial Mathematics. Schaumburg},
  journal = {IL: Society of Actuaries},
  year = {1997}
}

@BOOK{broverman2008mathematics,
  title = {Mathematics of investment and credit},
  publisher = {ACTEX Publications},
  year = {2008},
  author = {Broverman, S.A.},
  series = {ACTEX academic series},
  isbn = {9781566986571},
  lccn = {2008041113}
}

@BOOK{chambers2008software,
  title = {Software for data analysis: programming with R},
  publisher = {Springer},
  year = {2008},
  author = {Chambers, J.M.},
  series = {Statistics and computing},
  isbn = {9780387759357},
  lccn = {2008922937},
  url = {http://books.google.com/books?id=UXneuOIvhEAC}
}

@ARTICLE{Dutang2008,
  author = {Christophe Dutang and Vincent Goulet and Mathieu Pigeon},
  title = {actuar: An R Package for Actuarial Science},
  journal = {Journal of Statistical Software},
  year = {2008},
  volume = {25},
  pages = {38},
  number = {7},
  url = {http://www.jstatsoft.org/v25/i07}
}

@ARTICLE{termstrcR,
  author = {Robert Ferstl and Josef Hayden},
  title = {Zero-Coupon Yield Curve Estimation with the Package {termstrc}},
  journal = {Journal of Statistical Software},
  year = {2010},
  volume = {36},
  pages = {1--34},
  number = {1},
  url = {http://www.jstatsoft.org/v36/i01/}
}

@MANUAL{ChainLadder,
  title = {ChainLadder: Mack, Bootstrap, Munich and Multivariate-chain-ladder
	Methods},
  author = {Markus Gesmann and Yanwei Zhang},
  year = {2011},
  note = {R package version 0.1.4-3.4}
}

@PHDTHESIS{YieldCurveR,
  author = {S.S. Guirreri},
  title = {Simulating the Term Structure of Interest Rates with arbitrary marginals},
  school = {University of Palermo - Department of Statistics and Mathematics
	''S. Vianelli''},
  year = {2010},
  address = {Palermo},
  url = {http://www.guirreri.host22.com}
}

@BOOK{keyfitz2005applied,
  title = {Applied mathematical demography},
  publisher = {Springer},
  year = {2005},
  author = {Keyfitz, N. and Caswell, H.},
  series = {Statistics for biology and health},
  isbn = {9780387225371},
  lccn = {2004052525},
  url = {http://books.google.it/books?id=PxSVxES7Sj0C}
}

@BOOK{klugman2009loss,
  title = {Loss models: from data to decisions},
  publisher = {Wiley New York},
  year = {2009},
  author = {Klugman, S.A. and Panjer, H.H. and Willmot, G.E. and Venter, G.G.},
  edition = {Third}
}

@BOOK{livi1986introduzione,
  title = {Introduzione alla demografia},
  publisher = {Loescher editore},
  year = {1986},
  author = {Livi-Bacci, M.}
}

@MANUAL{rSoftware,
  title = {R: A Language and Environment for Statistical Computing},
  author = {{R Development Core Team}},
  organization = {R Foundation for Statistical Computing},
  address = {Vienna, Austria},
  year = {2011},
  note = {{ISBN} 3-900051-07-0},
  url = {http://www.R-project.org/}
}

@MANUAL{LifeTableR,
  title = {LifeTable: LifeTable, a package with a small set of useful lifetable
	functions.},
  author = {Tim Riffe},
  year = {2011},
  note = {R package version 1.0.1},
  url = {http://sites.google.com/site/timriffepersonal/r-code/lifeable}
}

@ARTICLE{gamlssPkg,
  author = {R. A. Rigby and D. M. Stasinopoulos},
  title = {Generalized additive models for location, scale and shape,(with discussion)},
  journal = {Applied Statistics},
  year = {2005},
  volume = {54},
  pages = {507-554},
  part = {3}
}

@ARTICLE{Rigby2005,
  author = {R. A. Rigby and D. M. Stasinopoulos},
  title = {Generalized additive models for location, scale and shape,(with discussion)},
  journal = {Applied Statistics},
  year = {2005},
  volume = {54},
  pages = {507-554},
  part = {3}
}

@MANUAL{demographyR,
  title = {demography: Forecasting mortality, fertility, migration and population
	data},
  author = {{Rob J Hyndman} and {Heather Booth} and {Leonie Tickle} and {John
	Maindonald}},
  year = {2011},
  note = {R package version 1.09-1},
  url = {http://CRAN.R-project.org/package=demography}
}

@MANUAL{mathFinAct,
  title = {FINANCIAL MATHEMATICS: A Practical Guide for Actuaries and other
	Business Professionals},
  author = {Chris Ruckman and Joe Francis},
  organization = {Warren Centre for Actuarial Studies and Research},
  edition = {Second Edition},
  month = {October},
  year = {2006}
}

@MANUAL{spedLifecon,
  title = {Lifecontingencies: an R package to perform life contingencies calculations},
  author = {Giorgio Alfredo Spedicato},
  year = {2011},
  note = {R package version 0.0.4},
  url = {http://CRAN.R-project.org/package=lifecontingencies}
}

@MANUAL{cplmPkg,
  title = {cplm: Monte Carlo EM algorithms and Bayesian methods for fitting
	Tweedie compound Poisson linear models},
  author = {Wayne Zhang},
  year = {2011},
  note = {R package version 0.2-1},
  url = {http://CRAN.R-project.org/package=cplm}
}

