% This file was created with JabRef 2.6.
% Encoding: Cp1252

@ARTICLE{Dutang2008,
  author = {Christophe Dutang and Vincent Goulet and Mathieu Pigeon},
  title = {actuar: An R Package for Actuarial Science},
  journal = {Journal of Statistical Software},
  year = {2008},
  volume = {25},
  pages = {38},
  number = {7},
  url = {http://www.jstatsoft.org/v25/i07}
}

@MANUAL{demography,
  title = {demography: Forecasting mortality, fertility, migration and population
	data},
  author = {Rob J Hyndman with contributions from Heather Booth and Leonie Tickle
	and John Maindonald},
  year = {2011},
  note = {R package version 1.09-1},
  url = {http://CRAN.R-project.org/package=demography}
}

@MANUAL{rSoftware,
  title = {R: A Language and Environment for Statistical Computing},
  author = {{R Development Core Team}},
  organization = {R Foundation for Statistical Computing},
  address = {Vienna, Austria},
  year = {2011},
  note = {{ISBN} 3-900051-07-0},
  url = {http://www.R-project.org/}
}

 @Manual{ChainLadder,
    title = {ChainLadder: Mack, Bootstrap, Munich and Multivariate-chain-ladder Methods},
    author = {Markus Gesmann and Yanwei Zhang},
    year = {2011},
    note = {R package version 0.1.4-3.4},
  }

@ARTICLE{Rigby2005,
  author = {R. A. Rigby and D. M. Stasinopoulos},
  title = {Generalized additive models for location, scale and shape,(with discussion)},
  journal = {Applied Statistics},
  year = {2005},
  volume = {54},
  pages = {507-554},
  part = {3}
}

@unpublished{spedLifecon,
  author = {Giorgio Alfredo Spedicato},
  title = {Lifecontingencies: an R package to perform life contingencies calculations.},
  month = {08},
  year = {2011},
  owner = {Giorgio Spedicato},
  timestamp = {2011.08.17}
}

@book{klugman2009loss,
  title={Loss models: from data to decisions},
  edition={Third},
  author={Klugman, S.A. and Panjer, H.H. and Willmot, G.E. and Venter, G.G.},
  year={2009},
  publisher={Wiley New York}
}

@article{bowers1997actuarial,
  title={Actuarial Mathematics. Schaumburg},
  author={Bowers, N.L. and Gerber, H.U. and Hickman, J.C. and Jones, D.A. and Nesbitt, C.J.},
  journal={IL: Society of Actuaries},
  pages={79--82},
  year={1997}
}

@book{livi1986introduzione,
  title={Introduzione alla demografia},
  author={Livi-Bacci, M.},
  year={1986},
  publisher={Loescher editore}
}

